% Encoding: UTF-8

@InProceedings{FANC2020,
  author = {Federaal Agentschap voor Nucleaire Controle (FANC),},
  date   = {2020-02-19},
  title  = {9/02/20 Technisch reglement houdende de aanvaardbaarheidscriteria voor PET-scanners voor gebruik in de medische of niet-medische beeldvorming met medisch-radiologische uitrustingen alsook de procedures dienaangaande Technisch reglement van 19 februari 2020 houdende de aanvaardbaarheidscriteria voor PET-scanners voor gebruik in de medische of niet-medische beeldvorming met medisch-radiologische uitrustingen alsook de procedures dienaangaande},
  file   = {:C\:/Users/Andries/OneDrive - Hogeschool Gent/2022-2023/SEM 2 (Onedrive)/Research Methods/Methodologie/TR 2020_PET.pdf:PDF},
}

@InProceedings{IAEA2017,
  author = {International Atomic Energy Agency (IAEA),},
  date   = {2017-10-01},
  title  = {IAEA-NMQC ToolkitFor Fiji Application Version 1.00 Users Manual},
  file   = {:C\:/Users/Andries/OneDrive - Hogeschool Gent/2022-2023/SEM 2 (Onedrive)/Research Methods/Methodologie/OperatorManual-2017-10-20.pdf:PDF},
}

@Comment{jabref-meta: databaseType:biblatex;}
